@misc{
  android_studio,
  key={1},
  title = {{Android Studio}},
  howpublished = {\url{https://developer.android.com/studio/index.html?hl=es-419}},
}

@misc{
  material_design,
    key={2},
  title = {{Material Design}},
  howpublished = {\url{https://material.io/guidelines/}},
}

@misc{
  camera_gallery,
    key={3},
  title = {{Android Take Photo From Camera and Gallery - Code Sample}},
  howpublished = {\url{http://www.theappguruz.com/blog/android-take-photo-camera-gallery-code-sample}},
}

@misc{
  rgb,
    key={4},
  title = {{Average RGB Bitmap}},
  howpublished = "\url{https://stackoverflow.com/questions/20757914/how-to-get-average-rgb-value-of-bitmap-on-android}",
}

@misc{
  material_design_tutorial,
    key={5},
  title = {{Android Getting Started with Material Design}},
  howpublished = "\url{https://www.androidhive.info/2015/04/android-getting-started-with-material-design/}",
}

@misc{
  material_design_palete,
    key={6},
  title = {{Material Design Palette}},
  howpublished = "\url{https://www.materialpalette.com/}",
}

@misc{
  recyclerview,
    key={7},
  title = {{Android Staggered and Horizontal RecyclerView}},
  howpublished = "\url{http://www.androhub.com/android-staggered-and-horizontal-recyclerview/}",
}

@misc{
  bottom_navigation,
    key={8},
  title = {{Material-BottomNavigation}},
  howpublished = "\url{https://github.com/sephiroth74/Material-BottomNavigation}",
}

@misc{
  glide,
    key={9},
  title = {{Glide. Building Image Gallery App}},
  howpublished = "\url{https://www.androidhive.info/2016/04/android-glide-image-library-building-image-gallery-app/}",
}

@misc{
  full_photo,
    key={10},
  title = {{Android Camera Intent: how to get full sized photo}},
  howpublished = "\url{https://stackoverflow.com/questions/6448856/android-camera-intent-how-to-get-full-sized-photo}",
}


@misc{
  ndk,
    key={11},
  title = {{Android ndk}},
  howpublished = "\url{https://developer.android.com/ndk/index.html?hl=es-419}",
}

@misc{
  sql,
    key={12},
  title = {{Android - SQLite Database}},
  howpublished = "\url{https://www.tutorialspoint.com/android/android_sqlite_database.htm}",
}

@misc{
  dialog,
    key={13},
  title = {{Implement confirmation DialogPreference}},
  howpublished = "\url{https://stackoverflow.com/questions/5127407/how-to-implement-a-confirmation-yes-no-dialogpreference}",
}

@misc{
  IR,
    key={14},
  title = {{Information retrieval}},
  howpublished = "\url{https://en.wikipedia.org/wiki/Information_retrieval}",
}

@misc{
  descriptor,
    key={15},
  title = {{Descriptores visuales}},
  howpublished = "\url{https://es.wikipedia.org/wiki/Descriptores_visuales}",
}

@misc{
  fab,
    key={16},
  title = {{FloatingActionButton}},
  howpublished = "\url{https://github.com/Clans/FloatingActionButton}",
}

@misc{
  pre,
    key={17},
  title = {{Android Support Preference V7 Fix}},
  howpublished = "\url{https://github.com/Gericop/Android-Support-Preference-V7-Fix}",
}

@misc{
  gli,
    key={18},
  title = {{Glide}},
  howpublished = "\url{https://github.com/bumptech/glide}",
}

@misc{
  git,
    key={19},
  title = {{Git}},
  howpublished = "\url{https://git-scm.com/}",
}

@misc{
  github,
    key={20},
  title = {{GitHub}},
  howpublished = "\url{https://github.com/}",
}

@misc{
  JMR,
    key={21},
  title = {{JMR}},
  howpublished = "\url{https://github.com/jesuschamorro/JMR}",
}


@book{
	mpeg7,
	author			= {Phillipe Salembier and Thomas Sikora},
	title			= {Introduction to MPEG-7: Multimedia Content Description Interface},
	publisher		= {Wiley},
	year			= {2002},
}
